@book{fikhtengolz03,
  author = "Г. М. Фихтенгольц",
  title = "Курс дифференциального и интегрального исчисления",
  publisher = "Физматлит",
  year = 2003,
  edition = 8,
  language = "russian",
  volume = 2,
  numpages = 864,
  pages = 718,
  address = "М."
}

@book{bakhvalov01,
  author = "Н. С. Бахвалов and Н. П. Жидков and Г. М. Кобельков",
  title = "Численные методы",
  publisher = "Физматлит",
  year = 2001,
  address = "М.",
  language = "russian"
}

@book{polyanin03,
  author = "А. Д. Полянин and А. В. Манжиров",
  title = "Справочник по интегральным уравнениям",
  publisher = "Физматлит",
  year = 2003,
  language = "russian",
  address = "М.",
  numpages = 603,
  pages = {477-479}
}

@book{krasnov75,
  author = "М. Л. Краснов",
  title = "Интегральные уравнения. Введение в теорию",
  publisher = "Наука",
  year = 1975,
  language = "russian",
  address = "М.",
  pages = {214}
}

@book{krasnov76,
  author = "М. Л. Краснов and А. И. Киселев and Г. И. Макаренко"
  title = "Интегральные уравнения",
  publisher = "Наука",
  year = 1976,
  language = "russian",
  address = "М.",
  pages = {80-81}
}
